@article{wiemer,
    author = {Wiemer, Stefan and Wyss, Max},
    year = {2000},
    month = {09},
    pages = {859-869},
    title = {Minimum Magnitude of Completeness in Earthquake Catalogs: Examples from Alaska, the Western United States, and Japan},
    volume = {90},
    journal = {Bulletin of the Seismological Society of America},
    doi = {10.1785/0119990114}
}
